@online{libbfp,
	author = {Clément Guérin},
	title = {"Beyond Floating Point"},
	url={https://github.com/libcg/bfp}
}

@online{softfloat,
	author = {John R. Hauser},
	title = {"Berkeley SoftFloat"},
	url={http://www.jhauser.us/arithmetic/SoftFloat.html}
}

@article{afast,
	author = {Nicol N. Scharaudolph},
	title = {A fast, Compact Approximation of the Exponential Function},
	date = {1998},
}

@online{john,
	author = {John L. Gustafson, Isaac Yonemoto},
	title = {"Beating Floating Point at its Own Game: Posit Arithmetic"},
	url={http://www.johngustafson.net/pdfs/BeatingFloatingPoint.pdf}
}

